@misc{bibtex,
  title = {Help on {BibTeX} Entry Types},
  howpublished = {\url{http://nwalsh.com/tex/texhelp/bibtx-7.html}},
  note = {Accessed: 2015-03-12}
}

@misc{microservices,
  title = {Appréhendez l'architecture Microservices},
  howpublished = {\url{https://openclassrooms.com/fr/courses/4668056-construisez-des-microservices/5122300-apprehendez-larchitecture-microservices}},
  note = {Accessed: 2018-10-12}
}

@misc{client_serveur,
  title = {Architecture client/serveur (ou modèle client/serveur)},
  howpublished = {\url{https://whatis.techtarget.com/fr/definition/Architecture-client-serveur-ou-modele-client-serveur}},
  note = {Accessed: 2018-10-12}
}

@misc{phoenix,
  title = {Phoenix Framework},
  howpublished = {\url{https://phoenixframework.org/}},
  note = {Accessed: 2018-10-12}
}

@misc{elixir_video,
  title = {Tutoriel Divers : Découverte du langage Elixir},
  howpublished = {\url{https://www.youtube.com/watch?v=1hl_z9-QO9c}},
  note = {Accessed: 2018-10-14}
}

@misc{elixir_doc,
  title = {elixir-lang},
  howpublished = {\url{https://elixir-lang.org/}},
  note = {Accessed: 2018-10-12}
}

@misc{functional_video,
  title = {Functional programming design patterns by Scott Wlaschin},
  howpublished = {\url{https://www.youtube.com/watch?v=E8I19uA-wGY}},
  note = {Accessed: 2018-10-12}
}

@misc{data_oriented_design,
  title = {Data-Oriented vs Object-Oriented Design},
  howpublished = {\url{https://medium.com/@jonathanmines/data-oriented-vs-object-oriented-design-50ef35a99056}},
  note = {Accessed: 2018-10-12}
}

@misc{SOA_AOS_HN,
  title = {Discussion sur "Using Rust for Game Development" sur Hacker News},
  howpublished = {\url{https://news.ycombinator.com/item?id=17977906}},
  note = {Accessed: 2018-10-12}
}

@misc{DOD_Game_Engine,
  title = {Developing a Data-Oriented Game Engine (Part 1)},
  howpublished = {\url{https://www.danielsefton.com/2016/05/developing-a-data-oriented-game-engine-part-1/}},
  note = {Accessed: 2018-10-12}
}

@misc{ECS_Elixir,
  title = {Entity Component Systems in Elixir},
  howpublished = {\url{https://yos.io/2016/09/17/entity-component-systems/}},
  note = {Accessed: 2018-10-12}
}

@misc{Atomic_Design,
  title = {atomic design},
  howpublished = {\url{http://bradfrost.com/blog/post/atomic-web-design/}},
  note = {Accessed: 2018-10-12}
}

% http://gamesfromwithin.com/data-oriented-design
% https://www.youtube.com/watch?v=E8I19uA-wGY
